[gd_scene load_steps=6 format=3 uid="uid://bxgmkuffnghbe"]

[ext_resource type="PackedScene" uid="uid://o50677e36kvm" path="res://objects/door/door.tscn" id="1"]
[ext_resource type="Script" path="res://objects/save_door/save_door.gd" id="2"]
[ext_resource type="Texture2D" uid="uid://dmgw1f2tl2s0b" path="res://objects/save_door/doorHeartsFull.png" id="3"]
[ext_resource type="Texture2D" uid="uid://dxu0cr6ryne1b" path="res://objects/save_door/doorHeartsEmpty.png" id="4"]
[ext_resource type="FontFile" path="res://fonts/fontNorm.tres" id="5"]

[node name="save_door" instance=ExtResource("1")]
script = ExtResource("2")

[node name="heartsEmpty" type="Node2D" parent="." index="2"]

[node name="0" type="Sprite2D" parent="heartsEmpty" index="0"]
visible = false
position = Vector2(-19, 10)
texture = ExtResource("4")
vframes = 5

[node name="1" type="Sprite2D" parent="heartsEmpty" index="1"]
visible = false
position = Vector2(-20, -3)
texture = ExtResource("4")
flip_v = true
vframes = 5

[node name="2" type="Sprite2D" parent="heartsEmpty" index="2"]
visible = false
position = Vector2(-13, -16)
texture = ExtResource("4")
vframes = 5
frame = 1

[node name="3" type="Sprite2D" parent="heartsEmpty" index="3"]
visible = false
position = Vector2(0, -19)
texture = ExtResource("4")
vframes = 5
frame = 2

[node name="4" type="Sprite2D" parent="heartsEmpty" index="4"]
visible = false
position = Vector2(13, -16)
texture = ExtResource("4")
vframes = 5
frame = 3

[node name="5" type="Sprite2D" parent="heartsEmpty" index="5"]
visible = false
position = Vector2(18, -4)
texture = ExtResource("4")
flip_v = true
vframes = 5
frame = 4

[node name="6" type="Sprite2D" parent="heartsEmpty" index="6"]
visible = false
position = Vector2(18, 11)
texture = ExtResource("4")
vframes = 5
frame = 4

[node name="heartsFull" type="Node2D" parent="." index="3"]

[node name="0" type="Sprite2D" parent="heartsFull" index="0"]
visible = false
position = Vector2(-19, 10)
texture = ExtResource("3")
vframes = 5

[node name="1" type="Sprite2D" parent="heartsFull" index="1"]
visible = false
position = Vector2(-20, -3)
texture = ExtResource("3")
flip_v = true
vframes = 5

[node name="2" type="Sprite2D" parent="heartsFull" index="2"]
visible = false
position = Vector2(-13, -16)
texture = ExtResource("3")
vframes = 5
frame = 1

[node name="3" type="Sprite2D" parent="heartsFull" index="3"]
visible = false
position = Vector2(0, -19)
texture = ExtResource("3")
vframes = 5
frame = 2

[node name="4" type="Sprite2D" parent="heartsFull" index="4"]
visible = false
position = Vector2(13, -16)
texture = ExtResource("3")
vframes = 5
frame = 3

[node name="5" type="Sprite2D" parent="heartsFull" index="5"]
visible = false
position = Vector2(18, -4)
texture = ExtResource("3")
flip_v = true
vframes = 5
frame = 4

[node name="6" type="Sprite2D" parent="heartsFull" index="6"]
visible = false
position = Vector2(18, 11)
texture = ExtResource("3")
vframes = 5
frame = 4

[node name="Label" type="Label" parent="." index="4"]
offset_left = -16.0
offset_top = 16.0
offset_right = 17.0
offset_bottom = 41.0
theme_override_fonts/font = ExtResource("5")
text = "NEW_GAME"
