[gd_scene load_steps=14 format=2]

[ext_resource path="res://objects/plate/plate.gd" type="Script" id=1]
[ext_resource path="res://utils/animatedSpriteBounceback.gd" type="Script" id=2]
[ext_resource path="res://objects/plate/frames.png" type="Texture" id=3]

[sub_resource type="RectangleShape2D" id=1]
extents = Vector2( 8, 2 )

[sub_resource type="AtlasTexture" id=27]
atlas = ExtResource( 3 )
region = Rect2( 0, 0, 18, 7 )

[sub_resource type="AtlasTexture" id=28]
atlas = ExtResource( 3 )
region = Rect2( 0, 7, 18, 7 )

[sub_resource type="AtlasTexture" id=29]
atlas = ExtResource( 3 )
region = Rect2( 0, 14, 18, 7 )

[sub_resource type="AtlasTexture" id=30]
atlas = ExtResource( 3 )
region = Rect2( 0, 21, 18, 7 )

[sub_resource type="AtlasTexture" id=31]
atlas = ExtResource( 3 )
region = Rect2( 0, 21, 18, 7 )

[sub_resource type="AtlasTexture" id=32]
atlas = ExtResource( 3 )
region = Rect2( 0, 14, 18, 7 )

[sub_resource type="AtlasTexture" id=33]
atlas = ExtResource( 3 )
region = Rect2( 0, 7, 18, 7 )

[sub_resource type="AtlasTexture" id=34]
atlas = ExtResource( 3 )
region = Rect2( 0, 0, 18, 7 )

[sub_resource type="SpriteFrames" id=10]
animations = [ {
"frames": [ SubResource( 27 ), SubResource( 28 ), SubResource( 29 ), SubResource( 30 ) ],
"loop": false,
"name": "press",
"speed": 10.0
}, {
"frames": [ SubResource( 31 ), SubResource( 32 ), SubResource( 33 ), SubResource( 34 ) ],
"loop": false,
"name": "unpress",
"speed": 10.0
} ]

[node name="plate" type="Area2D"]
z_index = 1
collision_layer = 16
collision_mask = 17
script = ExtResource( 1 )

[node name="CollisionShape2D" type="CollisionShape2D" parent="."]
shape = SubResource( 1 )

[node name="AnimatedSprite" type="AnimatedSprite" parent="."]
frames = SubResource( 10 )
animation = "press"
script = ExtResource( 2 )
__meta__ = {
"_edit_lock_": true
}
