[gd_scene load_steps=24 format=2]

[ext_resource path="res://ui/inventoryDisplay.gd" type="Script" id=1]
[ext_resource path="res://ui/cursor.png" type="Texture" id=2]
[ext_resource path="res://objects/player/inventory/portrait.png" type="Texture" id=3]
[ext_resource path="res://ui/inventoryItem.tscn" type="PackedScene" id=4]
[ext_resource path="res://ui/contextMenu.gd" type="Script" id=6]

[sub_resource type="AtlasTexture" id=8]
atlas = ExtResource( 2 )
region = Rect2( 0, 0, 34, 34 )

[sub_resource type="AtlasTexture" id=9]
atlas = ExtResource( 2 )
region = Rect2( 0, 34, 34, 34 )

[sub_resource type="AtlasTexture" id=10]
atlas = ExtResource( 2 )
region = Rect2( 0, 68, 34, 34 )

[sub_resource type="AtlasTexture" id=11]
atlas = ExtResource( 2 )
region = Rect2( 0, 102, 34, 34 )

[sub_resource type="AtlasTexture" id=12]
atlas = ExtResource( 2 )
region = Rect2( 0, 136, 34, 34 )

[sub_resource type="AtlasTexture" id=13]
atlas = ExtResource( 2 )
region = Rect2( 0, 170, 34, 34 )

[sub_resource type="AtlasTexture" id=14]
atlas = ExtResource( 2 )
region = Rect2( 0, 204, 34, 34 )

[sub_resource type="AtlasTexture" id=15]
atlas = ExtResource( 2 )
region = Rect2( 0, 238, 34, 34 )

[sub_resource type="AtlasTexture" id=16]
atlas = ExtResource( 2 )
region = Rect2( 0, 272, 34, 34 )

[sub_resource type="AtlasTexture" id=17]
atlas = ExtResource( 2 )
region = Rect2( 0, 306, 34, 34 )

[sub_resource type="AtlasTexture" id=18]
atlas = ExtResource( 2 )
region = Rect2( 0, 340, 34, 34 )

[sub_resource type="AtlasTexture" id=19]
atlas = ExtResource( 2 )
region = Rect2( 0, 374, 34, 34 )

[sub_resource type="AtlasTexture" id=20]
atlas = ExtResource( 2 )
region = Rect2( 0, 408, 34, 34 )

[sub_resource type="AtlasTexture" id=21]
atlas = ExtResource( 2 )
region = Rect2( 0, 442, 34, 34 )

[sub_resource type="AtlasTexture" id=22]
atlas = ExtResource( 2 )
region = Rect2( 0, 476, 34, 34 )

[sub_resource type="AtlasTexture" id=23]
atlas = ExtResource( 2 )
region = Rect2( 0, 510, 34, 34 )

[sub_resource type="AtlasTexture" id=24]
atlas = ExtResource( 2 )
region = Rect2( 0, 544, 34, 34 )

[sub_resource type="SpriteFrames" id=7]
animations = [ {
"frames": [ SubResource( 8 ), SubResource( 9 ), SubResource( 10 ), SubResource( 11 ), SubResource( 12 ), SubResource( 13 ), SubResource( 14 ), SubResource( 15 ), SubResource( 16 ), SubResource( 17 ), SubResource( 18 ), SubResource( 19 ), SubResource( 20 ), SubResource( 21 ), SubResource( 22 ), SubResource( 23 ), SubResource( 24 ) ],
"loop": true,
"name": "default",
"speed": 10.0
} ]

[node name="inventoryDisplay" type="Control"]
anchor_right = 1.0
anchor_bottom = 1.0
focus_mode = 2
script = ExtResource( 1 )

[node name="VBoxContainer" type="VBoxContainer" parent="."]
margin_right = 26.0
margin_bottom = 240.0

[node name="HBoxContainer" type="HBoxContainer" parent="VBoxContainer"]
margin_right = 119.0
margin_bottom = 144.0

[node name="GridContainer" type="GridContainer" parent="VBoxContainer/HBoxContainer"]
margin_right = 26.0
margin_bottom = 144.0
size_flags_horizontal = 3
size_flags_vertical = 3
columns = 6
__meta__ = {
"_edit_use_anchors_": false
}

[node name="inventoryItem" parent="VBoxContainer/HBoxContainer/GridContainer" instance=ExtResource( 4 )]

[node name="MarginContainer" type="MarginContainer" parent="VBoxContainer/HBoxContainer"]
margin_left = 30.0
margin_right = 119.0
margin_bottom = 144.0

[node name="playerPortrait" type="TextureRect" parent="VBoxContainer/HBoxContainer/MarginContainer"]
margin_right = 89.0
margin_bottom = 144.0
texture = ExtResource( 3 )

[node name="Label" type="Label" parent="VBoxContainer"]
margin_top = 148.0
margin_right = 119.0
margin_bottom = 192.0
size_flags_horizontal = 3
size_flags_vertical = 3
text = "temporary item description"
autowrap = true

[node name="BBLabel" type="RichTextLabel" parent="VBoxContainer"]
margin_top = 196.0
margin_right = 119.0
margin_bottom = 240.0
size_flags_horizontal = 3
size_flags_vertical = 3

[node name="cursor" type="AnimatedSprite" parent="."]
position = Vector2( 13, 13 )
frames = SubResource( 7 )

[node name="contextMenu" type="PopupMenu" parent="."]
margin_right = 114.0
margin_bottom = 68.0
script = ExtResource( 6 )
